@article{Allaire2008909,
title = "Minimum stress optimal design with the level set method ",
journal = "Engineering Analysis with Boundary Elements ",
volume = "32",
number = "11",
pages = "909 - 918",
year = "2008",
note = "Shape and Topological Sensitivity Analysis: Theory and Applications",
issn = "0955-7997",
doi = "http://dx.doi.org/10.1016/j.enganabound.2007.05.007",
url = "http://www.sciencedirect.com/science/article/pii/S0955799708000386",
author = "Gregoire Allaire and Francois Jouve",
keywords = "Level set method",
keywords = "Shape derivative",
keywords = "Topological derivative "
}


@MISC{ambrad:website,
      AUTHOR = "Andrew Bradley",
      TITLE = "{PDE}-constrained optimization and the adjoint method",
      MONTH = jun,
      YEAR = 2013,
      NOTE = "\url{http://www.stanford.edu/~ambrad/adjoint_tutorial.pdf}"
}

@inproceedings{Chen:2007,
 author = {Chen, Jiaqin and Freytag, Michael and Shapiro, Vadim},
 title = {Shape Sensitivity of Constructive Representations},
 booktitle = {Proceedings of the 2007 ACM Symposium on Solid and Physical Modeling},
 series = {SPM '07},
 year = {2007},
 isbn = {978-1-59593-666-0},
 location = {Beijing, China},
 pages = {85--95},
 numpages = {11},
 url = {http://doi.acm.org/10.1145/1236246.1236260},
 doi = {10.1145/1236246.1236260},
 acmid = {1236260},
 publisher = {ACM},
 address = {New York, NY, USA},
 keywords = {R-functions, constructive representation, implicit representation, shape sensitivity},
} 

@article{chen2007shape,
  title={Shape optimization with topological changes and parametric control},
  author={Chen, Jiaqin and Shapiro, Vadim and Suresh, Krishnan and Tsukanov, Igor},
  journal={International journal for numerical methods in engineering},
  volume={71},
  number={3},
  pages={313--346},
  year={2007},
  publisher={Wiley Online Library}
}

@book{allaire2002shape,
  title={Shape optimization by the homogenization method},
  author={Allaire, Gr{\'e}goire},
  volume={146},
  year={2002},
  publisher={Springer}
}

@article{jasiuk,
    title={Elastic moduli of two dimensional materials with polygonal and
        elliptical holes},
    author={Jasiuk, I and Chen, J and Thorpe, MF},
    journal={Applied Mechanics Review},
    volume={47},
    number={1},
    pages={S18--S28},
    year={1994},
    publisher={American Society of Mechanical Engineers}
}

@article{Bickel2010,
 author = {Bickel, Bernd and B\"{a}cher, Moritz and Otaduy, Miguel A. and Lee, Hyunho Richard and Pfister, Hanspeter and Gross, Markus and Matusik, Wojciech},
 title = {Design and Fabrication of Materials with Desired Deformation Behavior},
 journal = {ACM Trans. Graph.},
 issue_date = {July 2010},
 volume = {29},
 number = {4},
 month = jul,
 year = {2010},
 issn = {0730-0301},
 pages = {63:1--63:10},
 articleno = {63},
 numpages = {10},
 url = {http://doi.acm.org/10.1145/1778765.1778800},
 doi = {10.1145/1778765.1778800},
 acmid = {1778800},
 publisher = {ACM},
 address = {New York, NY, USA},
 keywords = {deformable objects, fabrication, goal-based material design},
}

@article{Kharevych2009,
 author = {Kharevych, Lily and Mullen, Patrick and Owhadi, Houman and Desbrun, Mathieu},
 title = {Numerical Coarsening of Inhomogeneous Elastic Materials},
 journal = {ACM Trans. Graph.},
 issue_date = {August 2009},
 volume = {28},
 number = {3},
 month = jul,
 year = {2009},
 issn = {0730-0301},
 pages = {51:1--51:8},
 articleno = {51},
 numpages = {8},
 url = {http://doi.acm.org/10.1145/1531326.1531357},
 doi = {10.1145/1531326.1531357},
 acmid = {1531357},
 publisher = {ACM},
 address = {New York, NY, USA},
 keywords = {homogenization, model coarsening, model reduction},
} 

@article{allaire1996homogenization,
  title={The homogenization method for topology and shape optimization. Single and multiple loads case},
  author={Allaire, Gr{\'e}goire and Belhachmi, Zakaria and Jouve, Fran{\c{c}}ois},
  journal={Revue Europ{\'e}enne des {\'e}l{\'e}ments finis},
  volume={5},
  number={5-6},
  pages={649--672},
  year={1996},
  publisher={Taylor \& Francis}
}

@article{Skouras:2013,
 author = {Skouras, M{\'e}lina and Thomaszewski, Bernhard and Coros, Stelian and Bickel, Bernd and Gross, Markus},
 title = {Computational Design of Actuated Deformable Characters},
 journal = {ACM Trans. Graph.},
 issue_date = {July 2013},
 volume = {32},
 number = {4},
 month = jul,
 year = {2013},
 issn = {0730-0301},
 pages = {82:1--82:10},
 articleno = {82},
 numpages = {10},
 url = {http://doi.acm.org/10.1145/2461912.2461979},
 doi = {10.1145/2461912.2461979},
 acmid = {2461979},
 publisher = {ACM},
 address = {New York, NY, USA},
 keywords = {computational materials, control, elastic solids, physically-based simulation},
} 
