@article{zolesio2001shapes,
  title={Shapes and Geometries: Analysis, Differential Calculus and Optimization},
  author={Zol{\'e}sio, JEAN-P and Delfour, MC},
  journal={SIAM, Philadelphia},
  year={2001}
}
