@book{pironneau1984optimal,
  title={Optimal Shape Design for Elliptic Systems},
  author={Pironneau, O.},
  isbn={9780387120690},
  lccn={82019625},
  series={Springer series in computational physics},
  url={https://books.google.com/books?id=6JqyAAAAIAAJ},
  year={1984},
  publisher={Springer-Verlag}
}

@article{Allaire2008909,
title = "Minimum stress optimal design with the level set method ",
journal = "Engineering Analysis with Boundary Elements ",
volume = "32",
number = "11",
pages = "909 - 918",
year = "2008",
note = "Shape and Topological Sensitivity Analysis: Theory and Applications ",
issn = "0955-7997",
doi = "http://dx.doi.org/10.1016/j.enganabound.2007.05.007",
url = "http://www.sciencedirect.com/science/article/pii/S0955799708000386",
author = "Gregoire Allaire and Francois Jouve",
keywords = "Level set method",
keywords = "Shape derivative",
keywords = "Topological derivative "
}

