@article{Allaire2008909,
title = "Minimum stress optimal design with the level set method ",
journal = "Engineering Analysis with Boundary Elements ",
volume = "32",
number = "11",
pages = "909 - 918",
year = "2008",
note = "Shape and Topological Sensitivity Analysis: Theory and Applications",
issn = "0955-7997",
doi = "http://dx.doi.org/10.1016/j.enganabound.2007.05.007",
url = "http://www.sciencedirect.com/science/article/pii/S0955799708000386",
author = "Gregoire Allaire and Francois Jouve",
keywords = "Level set method",
keywords = "Shape derivative",
keywords = "Topological derivative "
}


@MISC{ambrad:website,
      AUTHOR = "Andrew Bradley",
      TITLE = "{PDE}-constrained optimization and the adjoint method",
      MONTH = jun,
      YEAR = 2013,
      NOTE = "\url{http://www.stanford.edu/~ambrad/adjoint_tutorial.pdf}"
}

@inproceedings{Chen:2007,
 author = {Chen, Jiaqin and Freytag, Michael and Shapiro, Vadim},
 title = {Shape Sensitivity of Constructive Representations},
 booktitle = {Proceedings of the 2007 ACM Symposium on Solid and Physical Modeling},
 series = {SPM '07},
 year = {2007},
 isbn = {978-1-59593-666-0},
 location = {Beijing, China},
 pages = {85--95},
 numpages = {11},
 url = {http://doi.acm.org/10.1145/1236246.1236260},
 doi = {10.1145/1236246.1236260},
 acmid = {1236260},
 publisher = {ACM},
 address = {New York, NY, USA},
 keywords = {R-functions, constructive representation, implicit representation, shape sensitivity},
} 

@article{chen2007shape,
  title={Shape optimization with topological changes and parametric control},
  author={Chen, Jiaqin and Shapiro, Vadim and Suresh, Krishnan and Tsukanov, Igor},
  journal={International journal for numerical methods in engineering},
  volume={71},
  number={3},
  pages={313--346},
  year={2007},
  publisher={Wiley Online Library}
}

@book{allaire2002shape,
  title={Shape optimization by the homogenization method},
  author={Allaire, Gr{\'e}goire},
  volume={146},
  year={2002},
  publisher={Springer}
}

@article{jasiuk,
    title={Elastic moduli of two dimensional materials with polygonal and
        elliptical holes},
    author={Jasiuk, I and Chen, J and Thorpe, MF},
    journal={Applied Mechanics Review},
    volume={47},
    number={1},
    pages={S18--S28},
    year={1994},
    publisher={American Society of Mechanical Engineers}
}

