@book{Howell2009,
  title={Applied Solid Mechanics},
  isbn={9781139473941},
  series={Cambridge texts in applied mathematics},
  url={http://books.google.com/books?id=FkvGBxADBnkC},
  year={2009},
  publisher={Cambridge University Press}
}

@book{allaire2002shape,
  title={Shape Optimization by the Homogenization Method},
  author={Allaire, G.},
  number={v. 146},
  isbn={9780387952987},
  lccn={01032845},
  series={Applied Mathematical Sciences},
  url={http://books.google.com/books?id=iJCnAlSMVskC},
  year={2002},
  publisher={Springer}
}
@article{defranceschi1993,
  title={An introduction to homogenization and {G}-convergence},
  author={Defranceschi, Anneliese},
  publisher={Citeseer}
}
